@article{Kuhn1955,
  author = {Harold W. Kuhn},
  title = {The Hungarian Method for the assignment problem},
  journal = {Naval Research Logistics Quarterly},
  year = 1955,
  volume = 2,
  pages = {83--97}
}

@article{hopcroft1973n,
  title={An n\^{}5/2 algorithm for maximum matchings in bipartite graphs},
  author={Hopcroft, John E and Karp, Richard M},
  journal={SIAM Journal on computing},
  volume={2},
  number={4},
  pages={225--231},
  year={1973},
  publisher={SIAM}
}

@article{gabow1989faster,
  title={Faster scaling algorithms for network problems},
  author={Gabow, Harold N and Tarjan, Robert E},
  journal={SIAM Journal on Computing},
  volume={18},
  number={5},
  pages={1013--1036},
  year={1989},
  publisher={SIAM}
}

@article{peleg1989pattern, 
  author={Peleg, S. and Werman, M. and Rom, H.}, 
  journal={Pattern Analysis and Machine Intelligence, IEEE Transactions on}, 
  title={A unified approach to the change of resolution: space and gray-level}, 
  year={1989}, 
  month={Jul}, 
  volume={11}, 
  number={7}, 
  pages={739-742}, 
  keywords={computer vision;graph theory;computer vision;graph theory;gray-level requantization;gray-tone image;half-tone image;resolution change;spatial resampling;Application software;Computer graphics;Computer vision;Image analysis;Image coding;Image resolution;Read only memory;Signal resolution;Spatial resolution;Tail}, 
doi={10.1109/34.192468}, 
  ISSN={0162-8828},
}

@article{vaidya1989geometry,
  title={Geometry helps in matching},
  author={Vaidya, Pravin M},
  journal={SIAM Journal on Computing},
  volume={18},
  number={6},
  pages={1201--1225},
  year={1989},
  publisher={SIAM}
}

@article{atkinson1995using,
  title={Using geometry to solve the transportation problem in the plane},
  author={Atkinson, David S and Vaidya, Pravin M.},
  journal={Algorithmica},
  volume={13},
  number={5},
  pages={442--461},
  year={1995},
  publisher={Springer}
}

@article{Rubner:2000:EMD:365875.365881,
  author = {Rubner, Yossi and Tomasi, Carlo and Guibas, Leonidas J.},
  title = {The Earth Mover's Distance As a Metric for Image Retrieval},
  journal = {Int. J. Comput. Vision},
  issue_date = {Nov. 2000},
  volume = {40},
  number = {2},
  month = nov,
  year = {2000},
  issn = {0920-5691},
  pages = {99--121},
  numpages = {23},
  url = {http://dx.doi.org/10.1023/A:1026543900054},
  doi = {10.1023/A:1026543900054},
  acmid = {365881},
  publisher = {Kluwer Academic Publishers},
  address = {Hingham, MA, USA},
  keywords = {Earth Mover's Distance, color, image retrieval, perceptual metrics, texture},
}

@inproceedings{agarwal2004near,
  title={A near-linear constant-factor approximation for euclidean bipartite matching?},
  author={Agarwal, Pankaj and Varadarajan, Kasturi},
  booktitle={Proceedings of the twentieth annual symposium on Computational geometry},
  pages={247--252},
  year={2004},
  organization={ACM}
}

@inproceedings{indyk2007near,
  title={A near linear time constant factor approximation for Euclidean bichromatic matching (cost).},
  author={Indyk, Piotr},
  booktitle={SODA},
  volume={7},
  pages={39--42},
  year={2007},
  organization={Citeseer}
}

@book{villani2008optimal,
  title={Optimal transport: old and new},
  author={Villani, C{\'e}dric},
  volume={338},
  year={2008},
  publisher={Springer Science \& Business Media}
}

@inproceedings{andoni2010efficient,
  title={Efficient sketches for earth-mover distance, with applications},
  author={Andoni, Alexandr and Ba, Khanh Do and Indyk, Piotr and Woodruff, David},
  year={2010},
  organization={Institute of Electrical and Electronics Engineers}
}

@inproceedings{sharathkumar2012algorithms,
  title={Algorithms for the transportation problem in geometric settings},
  author={Sharathkumar, R and Agarwal, Pankaj K},
  booktitle={Proceedings of the twenty-third annual ACM-SIAM symposium on Discrete Algorithms},
  pages={306--317},
  year={2012},
  organization={SIAM}
}

@inproceedings{sharathkumar2012near,
  title={A near-linear time $\varepsilon$-approximation algorithm for geometric bipartite matching},
  author={Sharathkumar, R and Agarwal, Pankaj K},
  booktitle={Proceedings of the forty-fourth annual ACM symposium on Theory of computing},
  pages={385--394},
  year={2012},
  organization={ACM}
}

@inproceedings{agarwal2014approximation,
  title={Approximation algorithms for bipartite matching with metric and geometric costs},
  author={Agarwal, Pankaj K and Sharathkumar, R},
  booktitle={Proceedings of the 46th Annual ACM Symposium on Theory of Computing},
  pages={555--564},
  year={2014},
  organization={ACM}
}

@inproceedings{andoni2014parallel,
  title={Parallel algorithms for geometric graph problems},
  author={Andoni, Alexandr and Nikolov, Aleksandar and Onak, Krzysztof and Yaroslavtsev, Grigory},
  booktitle={Proceedings of the 46th Annual ACM Symposium on Theory of Computing},
  pages={574--583},
  year={2014},
  organization={ACM}
}
